%%%%%%%%%%%%%%%%%%%%%%%%
%%%%%%%% PAPERS %%%%%%%%
%%%%%%%%%%%%%%%%%%%%%%%%

@article{Prado:2016akv,
      author         = "Prado, Raul R. and Conceição, Ruben and Pimenta, Mário
                        and de Souza, Vitor",
      title          = "{Interpretation of measurements of the number of muons in
                        extensive air shower experiments}",
      journal        = "Astropart. Phys.",
      volume         = "83",
      year           = "2016",
      pages          = "40-52",
      doi            = "10.1016/j.astropartphys.2016.07.003",
      eprint         = "1606.08810",
      archivePrefix  = "arXiv",
      primaryClass   = "astro-ph.HE",
      SLACcitation   = "%%CITATION = ARXIV:1606.08810;%%"
}

@article{Drescher:2007hc,
      author         = "Drescher, Hans-Joachim",
      title          = "{Remnant Break-up and Muon Production in Cosmic Ray Air
                        Showers}",
      journal        = "Phys. Rev.",
      volume         = "D77",
      year           = "2008",
      pages          = "056003",
      doi            = "10.1103/PhysRevD.77.056003",
      eprint         = "0712.1517",
      archivePrefix  = "arXiv",
      primaryClass   = "hep-ph",
      SLACcitation   = "%%CITATION = ARXIV:0712.1517;%%"
}

@article{Abe:2011ks,
      author         = "Abe, K. and others",
      title          = "{The T2K Experiment}",
      collaboration  = "T2K",
      journal        = "Nucl. Instrum. Meth.",
      volume         = "A659",
      year           = "2011",
      pages          = "106-135",
      doi            = "10.1016/j.nima.2011.06.067",
      eprint         = "1106.1238",
      archivePrefix  = "arXiv",
      primaryClass   = "physics.ins-det",
      SLACcitation   = "%%CITATION = ARXIV:1106.1238;%%"
}

@techreport{Gazdzicki:1083804,
      author        = "Gazdzicki, Marek",
      title         = "{Onset of Deconfinement and Critical Point: NA49 and
                       NA61/SHINE at the CERN SPS}",
      number        = "arXiv:0801.4919",
      month         = "Feb",
      year          = "2008",
      reportNumber  = "arXiv:0801.4919",
      url           = "https://cds.cern.ch/record/1083804",
}

@article{Abgrall:2008zz,
      author         = "Abgrall, N. and others",
      title          = "{Calibration and analysis of the 2007 data}",
      collaboration  = "NA61",
      year           = "2008",
      reportNumber   = "CERN-SPSC-2008-018, CERN-SPSC-SR-033",
      SLACcitation   = "%%CITATION = CERN-SPSC-2008-018;%%"
}

@article{Pierog:2013qdx,
      author         = "Pierog, Tanguy",
      title          = "{LHC data and extensive air showers}",
      booktitle      = "{Proceedings, 17th International Symposium on Very High
                        Energy Cosmic Ray Interactions (ISVHECRI 2012): Berlin,
                        Germany, August 10-15, 2012}",
      journal        = "EPJ Web Conf.",
      volume         = "52",
      year           = "2013",
      pages          = "03001",
      doi            = "10.1051/epjconf/20125203001",
      SLACcitation   = "%%CITATION = 00776,52,03001;%%"
}

@article{Engel:2011zzb,
      author         = "Engel, Ralph and Heck, Dieter and Pierog, Tanguy",
      title          = "{Extensive air showers and hadronic interactions at high
                        energy}",
      journal        = "Ann. Rev. Nucl. Part. Sci.",
      volume         = "61",
      year           = "2011",
      pages          = "467-489",
      doi            = "10.1146/annurev.nucl.012809.104544",
      SLACcitation   = "%%CITATION = ARNUA,61,467;%%"
}

@article{Apel:2017thr,
      author         = "Apel, W. D. and others",
      title          = "{Probing the evolution of the EAS muon content in the
                        atmosphere with KASCADE-Grande}",
      journal        = "Astropart. Phys.",
      volume         = "95",
      year           = "2017",
      pages          = "25-43",
      doi            = "10.1016/j.astropartphys.2017.07.001",
      SLACcitation   = "%%CITATION = APHYE,95,25;%%"
}

@article{Dembinski:2017zkb,
      author         = "Dembinski, Hans",
      title          = "{Investigating cosmic rays and air shower physics with
                        IceCube/IceTop}",
      booktitle      = "{Proceedings, 19th International Symposium on Very High
                        Energy Cosmic Ray Interactions (ISVHECRI 2016): Moscow,
                        Russia, August 22-27, 2016}",
      collaboration  = "IceCube",
      journal        = "EPJ Web Conf.",
      volume         = "145",
      year           = "2017",
      pages          = "01003",
      doi            = "10.1051/epjconf/201614501003",
      SLACcitation   = "%%CITATION = 00776,145,01003;%%"
}

@article{Aab:2014dua,
      author         = "Aab, Alexander and others",
      title          = "{Muons in air showers at the Pierre Auger Observatory:
                        Measurement of atmospheric production depth}",
      collaboration  = "Pierre Auger",
      journal        = "Phys. Rev.",
      volume         = "D90",
      year           = "2014",
      number         = "1",
      pages          = "012012",
      doi            = "10.1103/PhysRevD.92.019903, 10.1103/PhysRevD.90.012012,
                        10.1103/PhysRevD.90.039904",
      note           = "[Erratum: Phys. Rev.D92,no.1,019903(2015)]",
      eprint         = "1407.5919",
      archivePrefix  = "arXiv",
      primaryClass   = "hep-ex",
      reportNumber   = "FERMILAB-PUB-14-246-AD-AE-CD-TD",
      SLACcitation   = "%%CITATION = ARXIV:1407.5919;%%"
}

@article{Aab:2016hkv,
      author         = "Aab, Alexander and others",
      title          = "{Testing Hadronic Interactions at Ultrahigh Energies with
                        Air Showers Measured by the Pierre Auger Observatory}",
      collaboration  = "Pierre Auger",
      journal        = "Phys. Rev. Lett.",
      volume         = "117",
      year           = "2016",
      number         = "19",
      pages          = "192001",
      doi            = "10.1103/PhysRevLett.117.192001",
      eprint         = "1610.08509",
      archivePrefix  = "arXiv",
      primaryClass   = "hep-ex",
      reportNumber   = "FERMILAB-PUB-16-504-AD-AE-CD-TD",
      SLACcitation   = "%%CITATION = ARXIV:1610.08509;%%"
}

@article{Aab:2014pza,
      author         = "Aab, Alexander and others",
      title          = "{Muons in air showers at the Pierre Auger Observatory:
                        Mean number in highly inclined events}",
      collaboration  = "Pierre Auger",
      journal        = "Phys. Rev.",
      volume         = "D91",
      year           = "2015",
      number         = "3",
      pages          = "032003",
      doi            = "10.1103/PhysRevD.91.059901, 10.1103/PhysRevD.91.032003",
      note           = "[Erratum: Phys. Rev.D91,no.5,059901(2015)]",
      eprint         = "1408.1421",
      archivePrefix  = "arXiv",
      primaryClass   = "astro-ph.HE",
      reportNumber   = "FERMILAB-PUB-14-290-AD-AE-E-TD",
      SLACcitation   = "%%CITATION = ARXIV:1408.1421;%%"
}

@article{AbuZayyad:1999xa,
      author         = "Abu-Zayyad, T. and others",
      title          = "{Evidence for Changing of Cosmic Ray Composition between
                        10**17-eV and 10**18-eV from Multicomponent Measurements}",
      collaboration  = "MIA, HiRes",
      journal        = "Phys. Rev. Lett.",
      volume         = "84",
      year           = "2000",
      pages          = "4276-4279",
      doi            = "10.1103/PhysRevLett.84.4276",
      eprint         = "astro-ph/9911144",
      archivePrefix  = "arXiv",
      primaryClass   = "astro-ph",
      SLACcitation   = "%%CITATION = ASTRO-PH/9911144;%%"
}

@article{Kampert:2012mx,
      author         = "Kampert, Karl-Heinz and Unger, Michael",
      title          = "{Measurements of the Cosmic Ray Composition with Air
                        Shower Experiments}",
      journal        = "Astropart. Phys.",
      volume         = "35",
      year           = "2012",
      pages          = "660-678",
      doi            = "10.1016/j.astropartphys.2012.02.004",
      eprint         = "1201.0018",
      archivePrefix  = "arXiv",
      primaryClass   = "astro-ph.HE",
      SLACcitation   = "%%CITATION = ARXIV:1201.0018;%%"
}

@inproceedings{Roesler:2000he,
      author         = "Roesler, Stefan and Engel, Ralph and Ranft, Johannes",
      title          = "{The Monte Carlo event generator DPMJET-III}",
      booktitle      = "{Advanced Monte Carlo for radiation physics, particle
                        transport simulation and applications. Proceedings,
                        Conference, MC2000, Lisbon, Portugal, October 23-26,
                        2000}",
      url            = "http://www-public.slac.stanford.edu/sciDoc/docMeta.aspx?slacPubNumber=SLAC-PUB-8740",
      year           = "2000",
      pages          = "1033-1038",
      doi            = "10.1007/978-3-642-18211-2_166",
      eprint         = "hep-ph/0012252",
      archivePrefix  = "arXiv",
      primaryClass   = "hep-ph",
      reportNumber   = "SLAC-PUB-8740",
      SLACcitation   = "%%CITATION = HEP-PH/0012252;%%"
}

@article{James:1975dr,
      author         = "James, F. and Roos, M.",
      title          = "{Minuit: A System for Function Minimization and Analysis
                        of the Parameter Errors and Correlations}",
      journal        = "Comput. Phys. Commun.",
      volume         = "10",
      year           = "1975",
      pages          = "343-367",
      doi            = "10.1016/0010-4655(75)90039-9",
      reportNumber   = "CERN-DD-75-20",
      SLACcitation   = "%%CITATION = CPHCB,10,343;%%"
}

@article{Pierog:2013ria,
      author         = "Pierog, T. and Karpenko, Iu. and Katzy, J. M. and
                        Yatsenko, E. and Werner, K.",
      title          = "{EPOS LHC: Test of collective hadronization with data
                        measured at the CERN Large Hadron Collider}",
      journal        = "Phys. Rev.",
      volume         = "C92",
      year           = "2015",
      number         = "3",
      pages          = "034906",
      doi            = "10.1103/PhysRevC.92.034906",
      eprint         = "1306.0121",
      archivePrefix  = "arXiv",
      primaryClass   = "hep-ph",
      reportNumber   = "DESY-13-125",
      SLACcitation   = "%%CITATION = ARXIV:1306.0121;%%"
}


@article{Ahn:2009wx,
      author         = "Ahn, Eun-Joo and Engel, Ralph and Gaisser, Thomas K. and
                        Lipari, Paolo and Stanev, Todor",
      title          = "{Cosmic ray interaction event generator SIBYLL 2.1}",
      journal        = "Phys. Rev.",
      volume         = "D80",
      year           = "2009",
      pages          = "094003",
      doi            = "10.1103/PhysRevD.80.094003",
      eprint         = "0906.4113",
      archivePrefix  = "arXiv",
      primaryClass   = "hep-ph",
      reportNumber   = "FERMILAB-PUB-09-304-AE",
      SLACcitation   = "%%CITATION = ARXIV:0906.4113;%%"
}

@article{Pierog:2006qv,
      author         = "Pierog, T. and Werner, Klaus",
      title          = "{Muon Production in Extended Air Shower Simulations}",
      journal        = "Phys. Rev. Lett.",
      volume         = "101",
      year           = "2008",
      pages          = "171101",
      doi            = "10.1103/PhysRevLett.101.171101",
      eprint         = "astro-ph/0611311",
      archivePrefix  = "arXiv",
      primaryClass   = "astro-ph",
      SLACcitation   = "%%CITATION = ASTRO-PH/0611311;%%"
}

@article{Riehn:2015oba,
      author         = "Riehn, Felix and Engel, Ralph and Fedynitch, Anatoli and
                        Gaisser, Thomas K. and Stanev, Todor",
      title          = "{A new version of the event generator Sibyll}",
      booktitle      = "{Proceedings, 34th International Cosmic Ray Conference
                        (ICRC 2015): The Hague, The Netherlands, July 30-August 6,
                        2015}",
      journal        = "PoS",
      volume         = "ICRC2015",
      year           = "2016",
      pages          = "558",
      eprint         = "1510.00568",
      archivePrefix  = "arXiv",
      primaryClass   = "hep-ph",
      SLACcitation   = "%%CITATION = ARXIV:1510.00568;%%"
}

@article{Ostapchenko:2010vb,
      author         = "Ostapchenko, Sergey",
      title          = "{Monte Carlo treatment of hadronic interactions in
                        enhanced Pomeron scheme: I. QGSJET-II model}",
      journal        = "Phys. Rev.",
      volume         = "D83",
      year           = "2011",
      pages          = "014018",
      doi            = "10.1103/PhysRevD.83.014018",
      eprint         = "1010.1869",
      archivePrefix  = "arXiv",
      primaryClass   = "hep-ph",
      SLACcitation   = "%%CITATION = ARXIV:1010.1869;%%"
}

@article{Aduszkiewicz:2017anm,
      author         = "Aduszkiewicz, A. and others",
      title          = "{Measurement of meson resonance production in $\pi ^-+$ C
                        interactions at SPS energies}",
      collaboration  = "NA61/SHINE",
      journal        = "Eur. Phys. J.",
      volume         = "C77",
      year           = "2017",
      number         = "9",
      pages          = "626",
      doi            = "10.1140/epjc/s10052-017-5184-z",
      eprint         = "1705.08206",
      archivePrefix  = "arXiv",
      primaryClass   = "nucl-ex",
      reportNumber   = "CERN-EP-2017-105, FERMILAB-PUB-17-268-AD-ND",
      SLACcitation   = "%%CITATION = ARXIV:1705.08206;%%"
}

@article{Abgrall:2011ae,
      author         = "Abgrall, N and others",
      title          = "{Measurements of Cross Sections and Charged Pion Spectra
                        in Proton-Carbon Interactions at 31 GeV/c}",
      collaboration  = "NA61/SHINE",
      journal        = "Phys. Rev.",
      volume         = "C84",
      year           = "2011",
      pages          = "034604",
      doi            = "10.1103/PhysRevC.84.034604",
      eprint         = "1102.0983",
      archivePrefix  = "arXiv",
      primaryClass   = "hep-ex",
      reportNumber   = "CERN-PH-EP-2011-005",
      SLACcitation   = "%%CITATION = ARXIV:1102.0983;%%"
}

@article{Abgrall:2014xwa,
      author         = "Abgrall, N. and others",
      title          = "{NA61/SHINE facility at the CERN SPS: beams and detector
                        system}",
      collaboration  = "NA61",
      journal        = "JINST",
      volume         = "9",
      year           = "2014",
      pages          = "P06005",
      doi            = "10.1088/1748-0221/9/06/P06005",
      eprint         = "1401.4699",
      archivePrefix  = "arXiv",
      primaryClass   = "physics.ins-det",
      reportNumber   = "CERN-PH-EP-2014-003",
      SLACcitation   = "%%CITATION = ARXIV:1401.4699;%%"
}


@article{Afanasev:1999iu,
      author         = "Afanasev, S. and others",
      title          = "{The NA49 large acceptance hadron detector}",
      collaboration  = "NA49",
      journal        = "Nucl. Instrum. Meth.",
      volume         = "A430",
      year           = "1999",
      pages          = "210-244",
      doi            = "10.1016/S0168-9002(99)00239-9",
      reportNumber   = "CERN-EP-99-001, CERN-EP-99-01, CERN-EP-99-1",
      SLACcitation   = "%%CITATION = NUIMA,A430,210;%%"
}

@article{Prado:2017ijs,
      author         = "Prado, Raul R. and de Souza, Vitor",
      title          = "{A new air-shower observable to constrain hadronic
                        interaction models}",
      journal        = "Astropart. Phys.",
      volume         = "93",
      year           = "2017",
      pages          = "28-37",
      doi            = "10.1016/j.astropartphys.2017.05.005",
      eprint         = "1701.06764",
      archivePrefix  = "arXiv",
      primaryClass   = "hep-ph",
      SLACcitation   = "%%CITATION = ARXIV:1701.06764;%%"
}

%%%%%%%%%%%%%%%%%%%%%%%%
%%%%% PROCEEDINGS %%%%%%
%%%%%%%%%%%%%%%%%%%%%%%%

@inproceedings{Prado:2017hub,
      author         = "Prado, Raul R.",
      title          = "{Measurements of Hadron Production in Pion-Carbon
                        Interactions with NA61/SHINE at the CERN SPS}",
      booktitle      = "{Proceedings,  35th International Cosmic Ray Conference
                        (ICRC 2017): Bexco, Busan, Korea, July 12-20, 2017}",
      collaboration  = "NA61/SHINE",
      url            = "http://inspirehep.net/record/1611552/files/arXiv:1707.07902.pdf",
      year           = "2017",
      eprint         = "1707.07902",
      archivePrefix  = "arXiv",
      primaryClass   = "hep-ex",
      SLACcitation   = "%%CITATION = ARXIV:1707.07902;%%"
}

%%%%%%%%%%%%%%%%%%%%%%%%
%%%%%%%% THESIS %%%%%%%%
%%%%%%%%%%%%%%%%%%%%%%%%

@phdthesis{GaborVeresThesis,
  author       = "Veres, G. I.", 
  title        = "{Baryon Momentum Transfer in Hadronicand Nucear Collisions
at the CERN NA49 Experiment}",
  school       = "Department of Atomic Physics, Eotvos Lorand University",
  year         = 2001,
  address      = "Budapest"
}

@phdthesis{AntoniMThesis,
  author       = "Marcinek, A.", 
  title        = "{$\phi$ meson production in proton-proton collisions
in the NA61/SHINE experiment at CERN SPS}",
  school       = "Institute of Physics, Jagiellonian University",
  year         = 2016,
  address      = "Krak\'ow"
}
